<record><leader>00000cas a22000007a 4500</leader><controlfield tag="001">12324530</controlfield><controlfield tag="008">850730d19141969wiuwr ne      0    0eng d</controlfield><datafield ind1=" " ind2=" " tag="010"><subfield code="a">sn 85040884 </subfield></datafield><datafield ind1=" " ind2=" " tag="040"><subfield code="a">NPV</subfield><subfield code="b">eng</subfield><subfield code="c">NPV</subfield><subfield code="d">OCLCQ</subfield></datafield><datafield ind1=" " ind2=" " tag="042"><subfield code="a">msc</subfield></datafield><datafield ind1="0" ind2="4" tag="245"><subfield code="a">The Spencer record.</subfield></datafield><datafield ind1=" " ind2=" " tag="260"><subfield code="a">Spencer, Wis. :</subfield><subfield code="b">Record Pub.</subfield></datafield><datafield ind1=" " ind2=" " tag="300"><subfield code="a">v.</subfield></datafield><datafield ind1=" " ind2=" " tag="310"><subfield code="a">Weekly</subfield></datafield><datafield ind1="1" ind2=" " tag="362"><subfield code="a">Began in 1914.</subfield><subfield code="z">Cf. Oehlerts, d. Guide to Wis. newspapers.</subfield></datafield><datafield ind1="1" ind2=" " tag="362"><subfield code="a">Ceased in 1969.</subfield><subfield code="z">Cf. Tribune record gleaner, vol. 75, no. 25 (June 19, 1969).</subfield></datafield><datafield ind1=" " ind2=" " tag="500"><subfield code="a">Publisher varies.</subfield></datafield><datafield ind1=" " ind2=" " tag="525"><subfield code="a">Supplements accompany some issues.</subfield></datafield><datafield ind1=" " ind2=" " tag="580"><subfield code="a">Merged with Loyal tribune and Greenwood gleaner to form Tribune record gleaner. Cf. Tribune record gleaner, vol. 75, no. 25 (June 19, 1969).</subfield></datafield><datafield ind1=" " ind2=" " tag="588"><subfield code="a">Description based on: Vol. 27, no. 13 (Oct. 17, 1940).</subfield></datafield><datafield ind1=" " ind2=" " tag="752"><subfield code="a">United States</subfield><subfield code="b">Wisconsin</subfield><subfield code="c">Marathon</subfield><subfield code="d">Spencer.</subfield></datafield><datafield ind1="1" ind2="7" tag="785"><subfield code="t">Loyal tribune</subfield><subfield code="w">(DLC)sn 87082123</subfield></datafield><datafield ind1="1" ind2="7" tag="785"><subfield code="t">Greenwood gleaner</subfield><subfield code="w">(DLC)sn 85040632</subfield></datafield><datafield ind1="1" ind2="7" tag="785"><subfield code="t">Tribune record gleaner</subfield><subfield code="w">(DLC)sn 87082124</subfield></datafield></record>